<?xml version="1.0" encoding="UTF-8"?><collection xmlns="http://www.loc.gov/MARC21/slim"><record><leader>00419nam--2200133-i-4500</leader><controlfield tag="001">000036349</controlfield><controlfield tag="002">20161230</controlfield><controlfield tag="005">20161230201040</controlfield><controlfield tag="008">060222s1000------------r-----000-0-eng-d</controlfield><datafield ind1=" " ind2=" " tag="080"><subfield code="a">550.387(043)</subfield></datafield><datafield ind1=" " ind2=" " tag="100"><subfield code="a">Pirjola, Risto</subfield></datafield><datafield ind1=" " ind2=" " tag="245"><subfield code="a">Electromagnetic induction in the earths by a plane wave of by field of line currents harmonic in time and space</subfield></datafield><datafield ind1=" " ind2=" " tag="260"><subfield code="a">Helsinki, Univ.Of Helsinki, 1982, Iv + 161p</subfield></datafield><datafield ind1=" " ind2=" " tag="852"><subfield code="a">70862</subfield></datafield></record></collection>